@online{Bankrate,
    title = "Drowsy driving statistics and facts 2024",
    url  = "https://www.bankrate.com/insurance/car/drowsy-driving-statistics/",
}

@online{AAAFoundation,
    title = "2019 Traffic-Safety-Culture-Index",
    url  = "https://aaafoundation.org/wp-content/uploads/2020/06/2019-Traffic-Safety-Culture-Index.pdf",
}

@online{Mercedes,
    title = "What is Mercedes-Benz ATTENTION ASSIST ?",
    url  = "https://www.fjmercedes.com/mercedes-benz-attention-assist/",
}

@online{Ford,
    title = "How do I use the Driver Alert System* in my Ford?",
    url  = "https://www.ford.com/support/how-tos/ford-technology/driver-assist-features/how-do-i-use-the-driver-alert-system/",
}

@online{Dataset,
    title="Dataset",
    url="https://www.kaggle.com/code/adinishad/driver-drowsiness-using-keras/notebook",
}